@article{Zhao2015,
  doi = {10.1371/journal.pone.0126154},
  url = {https://doi.org/10.1371/journal.pone.0126154},
  year = {2015},
  month = may,
  publisher = {Public Library of Science ({PLoS})},
  volume = {10},
  number = {5},
  pages = {e0126154},
  author = {Meng Zhao and Binmei Liu and Kun Wu and Yafeng Ye and Shixia Huang and Shuansuo Wang and Yi Wang and Ruixi Han and Qian Liu and Xiangdong Fu and Yuejin Wu},
  editor = {Fan Chen},
  title = {Regulation of {OsmiR}156h through Alternative Polyadenylation Improves Grain Yield in Rice},
  journal = {{PLOS} {ONE}}
}